@Book{ref-oreilly-soap,
  author = 	 {Doug Tidwell, James Snell and Pavel Kulchenko},
  ALTeditor = 	 {},
  title = 	 {Programming Web Services with SOAP},
  publisher = 	 {O'Reilly},
  year = 	 2001,
  OPTkey = 	 {},
  OPTvolume = 	 {},
  OPTnumber = 	 {},
  OPTseries = 	 {},
  address = 	 {},
  edition = 	 1,
  OPTmonth = 	 {},
  OPTnote = 	 {},
  OPTannote = 	 {}
}
@TechReport{ref-soap-rfc,
  author      = "Martin Gudgin and Marc Hadley and Noah Mendelsohn and Yves Lafon and Jean-Jacques Moreau and Anish Karmarkar and Henrik Frystyk Nielsen",
  title       = "{SOAP} Version {1.2} Part 1: Messaging Framework (Second Edition)",
  month       = apr,
  note        = "http://www.w3.org/TR/2007/REC-soap12-part1-20070427/",
  year        = "2007",
  bibsource   = "http://w2.syronex.com/jmr/w3c-biblio",
  type        = "{W3C} Recommendation",
  institution = "W3C",
}
@article{ref-computacao-paralela,
 note = {Reviewer-Lorin, Harold R.},
 title = {Review of "Highly parallel computing" by G. S. Almasi and A. Gottlieb, Benjamin-Cummings publishers, Redwood city, CA, 1989},
 journal = {IBM Syst. J.},
 volume = {29},
 issue = {1},
 month = {January},
 year = {1990},
 issn = {0018-8670},
 pages = {165--166},
 numpages = {2},
 url = {http://dx.doi.org/10.1147/sj.291.0165},
 doi = {http://dx.doi.org/10.1147/sj.291.0165},
 acmid = {1011127},
 publisher = {IBM Corp.},
 address = {Riverton, NJ, USA},
} 
